<record><leader>00000cas a22000007a 4500</leader><controlfield tag="001">14055897</controlfield><controlfield tag="008">860807d18891906iauwr ne      0    0eng d</controlfield><datafield ind1=" " ind2=" " tag="010"><subfield code="a">sn 86061085 </subfield></datafield><datafield ind1=" " ind2=" " tag="040"><subfield code="a">INP</subfield><subfield code="b">eng</subfield><subfield code="c">INP</subfield><subfield code="d">OCLCQ</subfield></datafield><datafield ind1=" " ind2=" " tag="042"><subfield code="a">msc</subfield></datafield><datafield ind1="0" ind2=" " tag="130"><subfield code="a">Washington press (Washington, Iowa : 1889)</subfield></datafield><datafield ind1="1" ind2="0" tag="245"><subfield code="a">Washington press.</subfield></datafield><datafield ind1=" " ind2=" " tag="260"><subfield code="a">Washington, Iowa :</subfield><subfield code="b">Howard A. Burrell,</subfield><subfield code="c">1889-1906.</subfield></datafield><datafield ind1=" " ind2=" " tag="300"><subfield code="a">19 v. :</subfield><subfield code="b">ill. ;</subfield><subfield code="c">56 cm.</subfield></datafield><datafield ind1=" " ind2=" " tag="310"><subfield code="a">Weekly</subfield></datafield><datafield ind1="0" ind2=" " tag="362"><subfield code="a">Vol. 33, no. 33 (Feb. 6, 1889)-v. 51, no. 24 (Nov. 16, 1906).</subfield></datafield><datafield ind1=" " ind2=" " tag="500"><subfield code="a">Publisher varies.</subfield></datafield><datafield ind1=" " ind2=" " tag="525"><subfield code="a">Has occasional supplements.</subfield></datafield><datafield ind1=" " ind2=" " tag="752"><subfield code="a">United States</subfield><subfield code="b">Iowa</subfield><subfield code="c">Washington</subfield><subfield code="d">Washington.</subfield></datafield><datafield ind1="0" ind2="0" tag="780"><subfield code="t">Washington County press (Washington, Iowa : 1867)</subfield><subfield code="w">(DLC)sn 84027420</subfield></datafield><datafield ind1="0" ind2="5" tag="780"><subfield code="t">Washington gazette (Washington, Iowa)</subfield><subfield code="w">(DLC)sn 84027421</subfield></datafield><datafield ind1="0" ind2="0" tag="785"><subfield code="t">Washington County press (Washington, Iowa : 1906)</subfield><subfield code="w">(DLC)sn 86061086</subfield></datafield></record>